@article{zxj,
  author    = {朱晓珺 and 李冬梅},
  title     = {C/C~(++)程序的运行时优化研究},
  journal   = {软件导刊},
  year      = {2009},
  number    = {4},
  volume    = {8},
  pages     = {60-62},
}

@techreport{yzg,
  author    = {杨志刚},
  title     = {基于分布式深度学习系统的视频动作识别},
  address   = {中国科学技术大学},
  year      = {2017},
}

@article{fbwcy,
  author    = {刘弢 and 范彬 and 吴承勇},
  title     = {数据流Java并行程序设计模型的设计、实现及运行时优化},
  journal   = {软件学报},
  year      = {2008},
  number    = {9},
  volume    = {19},
}

@article{hcyxj,
  author    = {黄春 and 杨学军},
  title     = {基于值-剖面的OpenMP运行时优化系统},
  journal   = {计算机工程与科学},
  year      = {2006},
  number    = {12},
  volume    = {28},
}


@article{gzyll,
  author    = {郭振宇 and 刘利 and 陈彧},
  title     = {减小运行时优化开销的方法},
  journal   = {计算机工程},
  year      = {2006},
  number    = {24},
  volume    = {32},
}

@Misc{tensorrt,
  howpublished = {\url{https://developer.nvidia.com/tensorrt}},
  note = {Accessed April 2, 2018},
  title = {Nvidia TensorRt},
  author = {Nvidia}
}

@Misc{tensorrtinference,
  howpublished = {\url{https://blog.csdn.net/xh_hit/article/details/79769599}},
  note = {Accessed May 31, 2018},
  title = {TensorRT Inference引擎简介及加速原理简介},
  author = {正午之阳}
}

@Misc{deepstream,
  howpublished = {\url{https://developer.nvidia.com/deepstream-sdk}},
  note = {Accessed April 2, 2019},
  title = {Nvidia DeepStream},
  author = {Nvidia}
}

@article{frosenb,
  author    = {F. Rosenblatt},
  title     = {Perceptron Simulation Experiments},
  journal   = {Proceedings of the Ire},
  year      = {1960},
  number    = {3},
  volume    = {48},
  pages     = {301-309},
}

@article{szjxl,
  author    = {孙志军 and 薛雷 and 许阳明 and 王正},
  title     = {深度学习研究综述},
  journal   = {计算机应用研究},
  year      = {2012},
  number    = {8},
  volume    = {29},
  pages     = {2806-2810},
}

@article{ljwly,
  author    = {刘建伟 and 刘媛 and 罗雄麟},
  title     = {深度学习研究进展},
  journal   = {计算机应用研究},
  year      = {2014},
  number    = {7},
  volume    = {31},
  pages     = {1921-1942},
}

@techreport{lgf,
  author    = {林桂芳},
  title     = {异构化TensorFlow架构的研究与实现},
  address   = {浙江理工大学},
  year      = {2018},
}

@article{cyj,
  author    = {陈云霁},
  title     = {从人工智能到神经网络处理器},
  journal   = {领导科学论坛},
  year      = {2017},
  number    = {2},
  pages     = {38-55},
}

@techreport{jdk,
  author    = {姜典坤},
  title     = {基于异构处理器的深度卷积神经网络加速系统设计与实现},
  address   = {北京交通大学},
  year      = {2018},
}

@techreport{wangjin,
  author    = {王晶},
  title     = {云环境下资源管理运行时优化技术研究},
  address   = {复旦大学},
  year      = {2013},
}

@techreport{lxy,
  author    = {吕向阳},
  title     = {基于CPU+GPU的图像处理异构并行计算研究},
  address   = {南昌大学},
  year      = {2014},
}

@techreport{lzl,
  author    = {刘章林},
  title     = {基于机器学习的编译优化适应性研究},
  address   = {中国科学院研究生院（计算技术研究所）},
  year      = {2006},
}

@techreport{zhangwei,
  author    = {张维},
  title     = {针对循环的内存访问模式分析与应用},
  address   = {中国科学技术大学},
  year      = {2015},
}

@book{randy,
  author    = {(美)RandyAllen and (美)KenKennedy and 张兆庆等译},
  title     = {现代体系结构的优化编译器},
  publisher = {机械工业出版社},
  year      = {2004},
}

@article{liuD,
  author    = {Liu D, Chen T, Liu S},
  title     = {PuDianNao: A Polyvalent Machine Learning Accelerator},
  journal   = {ACM SIGPLAN Notices},
  year      = {2015},
  number    = {4},
  volume    = {50},
  pages     = {369-381},
}

@inproceedings{chent,
  title={DianNao: A Small-Footprint High-Throughput Accelerator for Ubiquitous Machine-Learning},
  author={Chen T , Du Z , Sun N},
  booktitle={Proceedings of the 19th international conference on Architectural support for programming languages and operating systems},
  year={2014},
  organization={ACM}
}

@inproceedings{lius,
  title={Cambricon: An Instruction Set Architecture for Neural Networks},
  author={Liu S , Du Z , Tao J},
  booktitle={2016 ACM/IEEE 43rd Annual International Symposium on Computer Architecture (ISCA). IEEE Computer Society},
  year={2016},
  organization={ACM/IEEE}
}

@inproceedings{cheny,
  title={DaDianNao: A Machine-Learning Supercomputer},
  author={Chen Y , Sun N , Temam O},
  booktitle={2014 47th Annual IEEE/ACM International Symposium on Microarchitecture (MICRO). IEEE Computer Society},
  year={2014},
  organization={ACM/IEEE}
}

@Misc{miopen,
  howpublished = {\url{https://rocmsoftwareplatform.github.io/MIOpen/doc/html/}},
  note = {Accessed Feb 3, 2016},
  title = {Rocm Software Platform},
  author = {AMD}
}

@Misc{cudnn,
  howpublished = {\url{https://developer.nvidia.com/cudnn}},
  note = {Accessed August 17, 2017},
  title = {Nvidia Developer},
  author = {Nvidia}
}

@Misc{cuda,
  howpublished = {\url{https://developer.nvidia.com/cuda-toolkit}},
  note = {Accessed August 5, 2012},
  title = {Cuda Toolkit},
  author = {Nvidia}
}

@article{zhangweihua,
  author    = {杨旭瑜 and 张铮 and 张为华},
  title     = {深度学习加速技术研究},
  journal   = {计算机系统应用},
  year      = {2016},
  number    = {09},
  volume    = {25},
  pages     = {1-9},
}

@Misc{tensorflow,
  howpublished = {\url{https://blog.csdn.net/qq_41455420/article/details/84777222}},
  note = {Accessed December 13, 2018},
  title = {TensorFlow 设计理念},
  author = {Running Tiger}
}

@techreport{dongmian,
  author    = {董冕},
  title     = {高性能混合计算协处理器计算内核的研究与实现},
  address   = {华中科技大学},
  year      = {2012},
}

@article{improgram,
  author    = {Bernd Burgstaller, Bernhard Scholz, Johann Blieberger},
  title     = {A symbolic analysis framework for static analysis of imperative programming languages},
  journal   = {The Journal of Systems And Software},
  year      = {2012},
  number    = {6},
  volume    = {85},
}

@article{sparsenet,
  author    = {周聖元 and 杜子东 and 陈云霁},
  title     = {稀疏神经网络加速器设计},
  journal   = {高技术通讯},
  year      = {2019},
  number    = {03},
  volume    = {29},
  pages     = {222-231},
}